@article{ref1,
  title={Prediction Model for Coronavirus Pandemic Using Deep Learning},
  author={Humayun, M. and Alsayat, A.},
  year={2022},
  journal={Comput. Syst. Sci. Eng}
}
@article{ref2,
  title={Severe acute respiratory syndrome-related coronavirus},
  author={Gorbalenya, A.E. and Baker, S.C.and Baric, R. and Groot, R.J.d. and Drosten, C. and Gulyaeva, A.A.a nd Haagmans, B.L. and Lauber, C. and Leontovich, A.M. and
Neuman, B.W.},
  journal={The species and its viruses—A statement of the
Coronavirus Study Group},
  year={2020},
  publisher={LWW}
}

@article{ref3,
  title={First cases of coronavirus disease 2019 (COVID-19) in France: Surveillance, investigations and control measures},
  author={Stoecklin, S.B. and Rolland, P. and Silue, Y. and Mailles, A. and Campese, C. and Simondon, A. and Mechain, M. and Meurice, L. and Nguyen, M. and Bassi, C.,},
  journal={Journal of ambient intelligence and humanized computing},
  pages={1--15},
  year={January 2020},
  publisher={Springer}
}
@article{ref4,
  title={Multi-Scale Network for Thoracic Organs Segmentation},
  author={Khalil, M.I. and Tehsin, S. and Humayun, M. and Jhanjhi, N. and Zain, M.A},
  journal={Comput.
Mater. Contin},
  volume={70},
  pages={3251–3265},
  year={2022},
  publisher={Addleton Academic Publishers}
}
@article{ref5,
  title={Coronavirus Disease (COVID-19): A primer for emergency physicians},
  author={Chavez, S. and Long, B. and Koyfman, A. and Liang, S.Y.},
  journal={Am. J.
Emerg. Med},
  volume={44},
  number={12},
  pages={220-229},
  year={2021},
  publisher={Multidisciplinary Digital Publishing Institute}
}
@article{ref6,
  title={Covid-deepnet: Hybrid multimodal deep learning system for improving covid-19 pneumonia detection in chest X-ray
images},
  author={Al-Waisy, A. and Mohammed, M.A. and Al-Fahdawi, S. and Maashi, M. and Garcia-Zapirain, B. and Abdulkareem, K.H. and Mostafa, S. and Kumar, N.M. and
Le, D.N.},
  pages={2409–2429},
  year={2021},
  organization={Comput. Mater. Contin.}
}
@article{ref9,
  title={COVID-19: Accurate Interpretation of Diagnostic Tests—A Statistical Point of View.},
  author={Asai, T.},
  year={2021}
}
@article{ref10,
  title={Attention u-net based adversarial architectures for chest X-ray lung segmentation},
  author={Gaál, G. and Maga, B. and Lukács, A.},
  pages={2409–2429},
  year={2020},
  organization={arXiv}
}
@article{ref11,
  title={Automatic detection of coronavirus disease (Covid-19) using X-ray images and deep convolutional
neural networks. P},
  author={Narin, A. and Kaya, C. and Pamuk, Z.},
  volume={24},
  pages={1207–1220},
  year={2021},
  organization={Pattern Anal. Appl.}
}
@article{ref12,
  title={Automated deep transfer learning-based approach for detection of
COVID-19 infection in chest X-rays},
  author={Das, N.N. and Kumar, N. and Kaur, M. and Kumar, V. and Singh, D.},
}
@article{ref13,
  title={Return of the devil in the details: Delving deep into convolutional nets.},
  author={Chatfield, K. and Simonyan, K. and Vedaldi, A. and Zisserman, A},
  year={2014},
  organization={arXiv}
}
@article{ref14,
  title={Very deep convolutional networks for large-scale image recognition},
  author={Simonyan, K. and Zisserman, A.},

  year={2014},
  organization={arXiv}
}
@article{ref15,
  title={Deep learning in medical image analysis},
  author={Shen, D. and Wu, G. and Suk, H.I},
  volume={19},
  pages={221-248},
  year={2017},
  organization={Annu. Rev. Biomed. Eng. 2}
}
@article{ref16,
  title={A survey on deep learning in medical image analysis},
  author={Litjens, G. and Kooi, T. and Bejnordi, B.E. and Setio, A.A.A. and Ciompi, F. and Ghafoorian, M. and Van Der Laak, J.A. and Van Ginneken, B. and Sánchez, C.I.},
  volume={42},
  pages={60-88},
  year={2017},
  organization={Med. Image Anal.}
}
@article{ref17,
  title={Covid-net: A tailored deep convolutional neural network design for detection of covid-19 cases
from chest X-ray images. },
  author={Wang, L. and Lin, Z.Q. and Wong, A.},
  volume={10},
  pages={1-12},
  year={2020},
  organization={Sci. Rep.}
}
@article{ref18,
  title={ COVIDXnet: A framework of deep learning classifiers to diagnose COVID-19 in X-ray
images},
  author={Hemdan, E.E.D.M.A.S.; Karar, M.E},
  year={2020},
  organization={arXiv}
}
@article{ref19,
  title={Covid-19 screening on chest X-ray images using deep learning based anomaly detection},
  author={Zhang, J.; Xie, Y.; Li, Y.; Shen, C.; Xia, Y},
  year={2020},
  organization={arXiv}
}
@article{ref20,
  title={Automated detection of COVID-19 cases using deep
neural networks with X-ray images.},
  author={Ozturk, T.; Talo, M.; Yildirim, E.A.; Baloglu, U.B.; Yildirim, O.; Acharya, U.R.},
  volume={121},
  year={2020},
  organization={Comput. Biol. Med}
}